<?xml version="1.0" encoding="UTF-8" ?>
<collection xmlns:xsi="http://www.w3.org/2001/XMLSchema-instance"
    xsi:schemaLocation="http://www.loc.gov/MARC21/slim
        http://www.loc.gov/standards/marcxml/schema/MARC21slim.xsd"
    xmlns="http://www.loc.gov/MARC21/slim">
<record>
  <leader>00302cam a2200601 ia4500</leader>
  <controlfield tag="001">b12697345</controlfield>
  <controlfield tag="003">LeBAU</controlfield>
  <controlfield tag="005">20171017</controlfield>
  <controlfield tag="008">971003s1933    le h     b    ||1 0 ara d</controlfield>
  <datafield tag="035" ind1=" " ind2=" ">
    <subfield code="a">ocn784467403</subfield>
  </datafield>
  <datafield tag="040" ind1=" " ind2=" ">
    <subfield code="a">LEAUB</subfield>
    <subfield code="b">ara</subfield>
    <subfield code="e">rda</subfield>
    <subfield code="c">LEAUB</subfield>
    <subfield code="d">LEAUB</subfield>
  </datafield>
  <datafield tag="041" ind1="0" ind2=" ">
    <subfield code="a">ara</subfield>
    <subfield code="b">fre</subfield>
  </datafield>
  <datafield tag="082" ind1="0" ind2="4">
    <subfield code="a">956.9</subfield>
    <subfield code="2">22</subfield>
  </datafield>
  <datafield tag="100" ind1="1" ind2=" ">
    <subfield code="6">880-01</subfield>
    <subfield code="a">Ḥaydar Aḥmad al-Shihābī, Amīr,</subfield>
    <subfield code="d">1761?-1835?</subfield>
    <subfield code="e">author.</subfield>
  </datafield>
  <datafield tag="245" ind1="1" ind2="0">
    <subfield code="6">880-02</subfield>
    <subfield code="a">Lubnān fī ʻahd al-umarāʼ al-Shihābīyīn :</subfield>
    <subfield code="b">wa-huwa al-juzʼ al-thānī wa-al-thālith min Kitāb al-Ghurar al-ḥisān fī akhbār abnāʼ al-zamān /</subfield>
    <subfield code="c">lil-Amīr Ḥaydar Aḥmad al-Shihābī ; ʻuniya bi-ḍabṭihi wa-nashrihi wa-taʻlīq ḥawāshīhi wa-waḍʻ muqaddimatihi wa-fahārisihi al-Duktūr Asad Rustum, aḥad asātidhat al-tārīkh al-sharqī fī Jāmi‘at Bayrūt al-Amīrikīyah, Fuʼād Afrām al-Bustānī, ustādh al-ādāb al-‘Arabīyah fi Kullīyat al-Qiddīs Yūsuf.</subfield>
  </datafield>
  <datafield tag="246" ind1="1" ind2="5">
    <subfield code="a">LE LIBAN A L'ÉPOQUE DES AMIRS CHIHAB</subfield>
  </datafield>
  <datafield tag="264" ind1=" " ind2="1">
    <subfield code="6">880-03</subfield>
    <subfield code="a">Bayrūt :</subfield>
    <subfield code="b">al-Jumhūrīyah al-Lubnānīyah, Manshūrāt Mudīrīyat al-Ma‘ārif al-‘Āmmah wa-al-Funūn al-Jamīlah,</subfield>
    <subfield code="c">1933.</subfield>
  </datafield>
  <datafield tag="300" ind1=" " ind2=" ">
    <subfield code="6">880-04</subfield>
    <subfield code="a">3 parts :</subfield>
    <subfield code="b">illustrations, facsimiles ;</subfield>
    <subfield code="c">24 cm</subfield>
  </datafield>
  <datafield tag="336" ind1=" " ind2=" ">
    <subfield code="a">text</subfield>
    <subfield code="b">txt</subfield>
    <subfield code="2">rdacontent</subfield>
  </datafield>
  <datafield tag="336" ind1=" " ind2=" ">
    <subfield code="a">still image</subfield>
    <subfield code="b">sti</subfield>
    <subfield code="2">rdacontent</subfield>
  </datafield>
  <datafield tag="337" ind1=" " ind2=" ">
    <subfield code="a">unmediated</subfield>
    <subfield code="b">n</subfield>
    <subfield code="2">rdamedia</subfield>
  </datafield>
  <datafield tag="338" ind1=" " ind2=" ">
    <subfield code="a">volume</subfield>
    <subfield code="b">nc</subfield>
    <subfield code="2">rdacarrier</subfield>
  </datafield>
  <datafield tag="500" ind1=" " ind2=" ">
    <subfield code="a">القسم الثالث يتضمن مقدمة بالفرنسية.</subfield>
  </datafield>
  <datafield tag="504" ind1=" " ind2=" ">
    <subfield code="a">يتضمن مراجع ببليوغرافية وكشافات.</subfield>
  </datafield>
  <datafield tag="505" ind1="0" ind2="0">
    <subfield code="t">لبنان في عهد الأمراء الشهابيين:</subfield>
    <subfield code="g">القسم الأول.</subfield>
    <subfield code="t">لبنان والأقطار المجاورة في القرن الثامن عشر --</subfield>
    <subfield code="g">القسم الثاني.</subfield>
    <subfield code="t">الحملة الفرنسوية على مصر وأوائل حكم الأمير بشير الثاني --</subfield>
    <subfield code="g">القسم الثالث.</subfield>
    <subfield code="t">لبنان في عهد الأمير بشير الثاني.</subfield>
  </datafield>
  <datafield tag="651" ind1=" " ind2="4">
    <subfield code="a">لبنان</subfield>
    <subfield code="x">تاريخ</subfield>
    <subfield code="y">1697-1841.</subfield>
  </datafield>
  <datafield tag="651" ind1=" " ind2="4">
    <subfield code="a">لبنان</subfield>
    <subfield code="x">تاريخ</subfield>
    <subfield code="y">القرن الثامن عشر.</subfield>
  </datafield>
  <datafield tag="651" ind1=" " ind2="4">
    <subfield code="a">مصر</subfield>
    <subfield code="x">تاريخ</subfield>
    <subfield code="y">الإحتلال الفرنسي، 1798-1801.</subfield>
  </datafield>
  <datafield tag="651" ind1=" " ind2="0">
    <subfield code="a">Lebanon</subfield>
    <subfield code="x">History</subfield>
    <subfield code="y">1697-1841.</subfield>
  </datafield>
  <datafield tag="651" ind1=" " ind2="0">
    <subfield code="a">Lebanon</subfield>
    <subfield code="x">History</subfield>
    <subfield code="y">18th century</subfield>
  </datafield>
  <datafield tag="651" ind1=" " ind2="0">
    <subfield code="a">Egypt</subfield>
    <subfield code="x">History</subfield>
    <subfield code="y">French occupation, 1798-1801.</subfield>
  </datafield>
  <datafield tag="700" ind1="1" ind2=" ">
    <subfield code="6">880-05</subfield>
    <subfield code="a">Rustum, Asad,</subfield>
    <subfield code="d">1897-1965,</subfield>
    <subfield code="e">compiler.</subfield>
  </datafield>
  <datafield tag="700" ind1="1" ind2=" ">
    <subfield code="6">880-06</subfield>
    <subfield code="a">Bustānī, Fuʼād Afrām,</subfield>
    <subfield code="e">compiler.</subfield>
  </datafield>
  <datafield tag="777" ind1="0" ind2=" ">
    <subfield code="6">880-07</subfield>
    <subfield code="i">has whole-part work relationship with</subfield>
    <subfield code="4">http://rdaregistry.info/Elements/w/P10232:</subfield>
    <subfield code="t">Ghurar al-ḥisān fī akhbār abnāʼ al-zamān</subfield>
    <subfield code="w">(OCoLC)784514856</subfield>
    <subfield code="w">(OCoLC)784514856</subfield>
  </datafield>
  <datafield tag="852" ind1=" " ind2=" ">
    <subfield code="a">Jafet Library</subfield>
    <subfield code="e">American University of Beirut, Bliss Street , Beirut, Lebanon.</subfield>
  </datafield>
  <datafield tag="852" ind1=" " ind2=" ">
    <subfield code="a">Jafet Archives and Special Collections</subfield>
    <subfield code="e">American University of Beirut, Bliss Street , Beirut, Lebanon.</subfield>
  </datafield>
  <datafield tag="880" ind1="1" ind2=" ">
    <subfield code="6">100-01/(3/r</subfield>
    <subfield code="a">،حيدر احمد الشهابي، الامير</subfield>
    <subfield code="d">1761؟-1835؟</subfield>
    <subfield code="e">مؤلف. </subfield>
    <subfield code="4">aut.</subfield>
  </datafield>
  <datafield tag="880" ind1="1" ind2="0">
    <subfield code="6">245-02/(3/r</subfield>
    <subfield code="a">لبنان في عهد الأمراء الشهابيين :</subfield>
    <subfield code="b">وهو الجزء الثاني و الثالث من كتاب الغرر الحسان في أخبار أبناء الزمان /</subfield>
    <subfield code="c">للأمير حيدر أحمد الشهابي ؛ عني بضبطه ونشره وتعليق حواشيه ووضع مقدمته وفهارسه الدكتور أسد رستم، أحد أساتذة التاريخ الشرقي في جامعة بيروت الأميركية، فؤاد أفرام البستاني، أستاذ الآداب العربية في كلية القديس يوسف.</subfield>
  </datafield>
  <datafield tag="880" ind1=" " ind2="1">
    <subfield code="6">264-03/(3/r</subfield>
    <subfield code="a">بيروت :</subfield>
    <subfield code="b">الجمهورية اللبنانية، منشورات مديرية المعارف العامة والفنون الجميلة،</subfield>
    <subfield code="c">1933.</subfield>
  </datafield>
  <datafield tag="880" ind1=" " ind2=" ">
    <subfield code="6">300-04/(3/r</subfield>
    <subfield code="a">3 أقسام :</subfield>
    <subfield code="b">مصورات، صور طبق الأصل ؛</subfield>
    <subfield code="c">24 سم</subfield>
  </datafield>
  <datafield tag="880" ind1="1" ind2=" ">
    <subfield code="6">700-05/(3/r</subfield>
    <subfield code="a">رستم، اسد،</subfield>
    <subfield code="d">1897-1965،</subfield>
    <subfield code="e">معد. </subfield>
    <subfield code="4">com.</subfield>
  </datafield>
  <datafield tag="880" ind1="1" ind2=" ">
    <subfield code="6">700-06/(3/r</subfield>
    <subfield code="a">البستاني، فؤاد افرام،</subfield>
    <subfield code="e">معد. </subfield>
    <subfield code="4">com.</subfield>
  </datafield>
  <datafield tag="880" ind1="0" ind2=" ">
    <subfield code="6">777-07/(3/r</subfield>
    <subfield code="i">علاقة جزء كل مع عمل</subfield>
    <subfield code="4">http://rdaregistry.info/Elements/w/P10232:</subfield>
    <subfield code="t">الغرر الحسان في أخبار أبناء الزمان</subfield>
    <subfield code="w">b12796165</subfield>
    <subfield code="w">(OCoLC)784514856</subfield>
  </datafield>
  <datafield tag="907" ind1=" " ind2=" ">
    <subfield code="a">.b12697345</subfield>
    <subfield code="b">17-10-31</subfield>
    <subfield code="c">11-05-24</subfield>
  </datafield>
  <datafield tag="907" ind1=" " ind2=" ">
    <subfield code="a">.b12697345</subfield>
    <subfield code="b">15-10-15</subfield>
    <subfield code="c">11-05-24</subfield>
  </datafield>
  <datafield tag="945" ind1=" " ind2=" ">
    <subfield code="f">CA</subfield>
    <subfield code="a">956.9:Sh551LA:v.1:c.1</subfield>
    <subfield code="i">01055344</subfield>
    <subfield code="j">.i1324646x</subfield>
    <subfield code="l">u0304</subfield>
  </datafield>
  <datafield tag="945" ind1=" " ind2=" ">
    <subfield code="f">CA</subfield>
    <subfield code="a">956.9:Sh551LA:v.2:c.1</subfield>
    <subfield code="i">01055345</subfield>
    <subfield code="j">.i13246471</subfield>
    <subfield code="l">u0304</subfield>
  </datafield>
  <datafield tag="945" ind1=" " ind2=" ">
    <subfield code="f">CA</subfield>
    <subfield code="a">956.9:Sh551LA:v.3:c.1</subfield>
    <subfield code="i">01055346</subfield>
    <subfield code="j">.i13246483</subfield>
    <subfield code="l">u0304</subfield>
  </datafield>
  <datafield tag="945" ind1=" " ind2=" ">
    <subfield code="f">J</subfield>
    <subfield code="a">956.9:Sh551LA:v.1:c.1</subfield>
    <subfield code="i">01067010</subfield>
    <subfield code="j">.i13246434</subfield>
    <subfield code="l">u0503</subfield>
  </datafield>
  <datafield tag="945" ind1=" " ind2=" ">
    <subfield code="f">J</subfield>
    <subfield code="a">956.9:Sh551LA:v.2:c.1</subfield>
    <subfield code="i">01067011</subfield>
    <subfield code="j">.i13246446</subfield>
    <subfield code="l">u0503</subfield>
  </datafield>
  <datafield tag="945" ind1=" " ind2=" ">
    <subfield code="f">J</subfield>
    <subfield code="a">956.9:Sh551LA:v.3:c.1</subfield>
    <subfield code="i">01067012</subfield>
    <subfield code="j">.i13246458</subfield>
    <subfield code="l">u0503</subfield>
  </datafield>
  <datafield tag="998" ind1=" " ind2=" ">
    <subfield code="a">(3)u03</subfield>
    <subfield code="a">(3)u05</subfield>
    <subfield code="b">97-10-03</subfield>
    <subfield code="c">m</subfield>
    <subfield code="d">a</subfield>
    <subfield code="e">-</subfield>
    <subfield code="f">ara</subfield>
    <subfield code="g">le </subfield>
    <subfield code="h">0</subfield>
    <subfield code="i">6</subfield>
  </datafield>
</record>
</collection>
